<?xml version="1.0" encoding="UTF-8"?><record xmlns="http://www.loc.gov/MARC21/slim" xmlns:cinclude="http://apache.org/cocoon/include/1.0" xmlns:zs="http://www.loc.gov/zing/srw/">
  <leader>01156cz  a2200253n  4500</leader>
  <controlfield tag="001">no2001036502</controlfield>
  <controlfield tag="003">DLC</controlfield>
  <controlfield tag="005">20141113103820.0</controlfield>
  <controlfield tag="008">010507n| azannaabn          |n aaa     c</controlfield>
  <datafield tag="010" ind1=" " ind2=" ">
    <subfield code="a">no2001036502</subfield>
  </datafield>
  <datafield tag="035" ind1=" " ind2=" ">
    <subfield code="a">(OCoLC)oca05482410</subfield>
  </datafield>
  <datafield tag="040" ind1=" " ind2=" ">
    <subfield code="a">ABAU-MHS</subfield>
    <subfield code="b">eng</subfield>
    <subfield code="e">rda</subfield>
    <subfield code="c">ABAU-MHS</subfield>
    <subfield code="d">ScU</subfield>
    <subfield code="d">DLC</subfield>
  </datafield>
  <datafield tag="046" ind1=" " ind2=" ">
    <subfield code="f">19470426</subfield>
    <subfield code="g">20141112</subfield>
  </datafield>
  <datafield tag="100" ind1="1" ind2=" ">
    <subfield code="a">Clarke, Warren,</subfield>
    <subfield code="d">1947-2014</subfield>
  </datafield>
  <datafield tag="370" ind1=" " ind2=" ">
    <subfield code="a">Oldham (England)</subfield>
    <subfield code="2">naf</subfield>
  </datafield>
  <datafield tag="372" ind1=" " ind2=" ">
    <subfield code="a">Acting</subfield>
    <subfield code="2">lcsh</subfield>
  </datafield>
  <datafield tag="374" ind1=" " ind2=" ">
    <subfield code="a">Actors</subfield>
    <subfield code="a">Motion picture producers and directors</subfield>
    <subfield code="2">lcsh</subfield>
  </datafield>
  <datafield tag="375" ind1=" " ind2=" ">
    <subfield code="a">male</subfield>
  </datafield>
  <datafield tag="377" ind1=" " ind2=" ">
    <subfield code="a">eng</subfield>
  </datafield>
  <datafield tag="378" ind1=" " ind2=" ">
    <subfield code="q">Warren Alan James</subfield>
  </datafield>
  <datafield tag="670" ind1=" " ind2=" ">
    <subfield code="a">The Tempest, 1987, c1979:</subfield>
    <subfield code="b">credit frame (Warren Clarke, Caliban)</subfield>
  </datafield>
  <datafield tag="670" ind1=" " ind2=" ">
    <subfield code="a">Internet movie database, Apr. 18, 2001:</subfield>
    <subfield code="b">(Warren Clarke; actor; b. in Oldham, Lancashire, England 1947)</subfield>
  </datafield>
  <datafield tag="670" ind1=" " ind2=" ">
    <subfield code="a">Internet Movie Database WWW site, March 7, 2013:</subfield>
    <subfield code="b">(Warren Clarke; actor, producer, director; b. Alan Clarke, April 26, 1947 in Oldham, Lancashire, England, UK)</subfield>
  </datafield>
  <datafield tag="670" ind1=" " ind2=" ">
    <subfield code="a">Wikipedia, Nov. 13, 2014</subfield>
    <subfield code="b">(Warren Alan James Clarke; born 26 April 1947 in Oldham, England; died 12 November 2014; actor, known as Detective Superintendent Andy Dalziel in the TV series Dalziel and Pascoe.</subfield>
  </datafield>
</record>